<?xml version="1.0" encoding="UTF-8" ?><marc:collection xmlns:marc="http://www.loc.gov/MARC21/slim" xmlns:xsi="http://www.w3.org/2001/XMLSchema-instance" xsi:schemaLocation="http://www.loc.gov/MARC21/slim http://www.loc.gov/standards/marcxml/schema/MARC21slim.xsd">
<marc:record><marc:leader>03552cam a2200433Ii 4500</marc:leader>
<marc:controlfield tag="001">b12328492</marc:controlfield>
<marc:controlfield tag="003">UaCaAUL</marc:controlfield><marc:controlfield tag="005">20170717093334.0</marc:controlfield><marc:controlfield tag="008">990927s1932    ua       b    000 0 ara d</marc:controlfield><marc:datafield tag="035" ind1=" " ind2=" "><marc:subfield code="a">(OCoLC)122725617</marc:subfield></marc:datafield><marc:datafield tag="040" ind1=" " ind2=" "><marc:subfield code="a">PU</marc:subfield><marc:subfield code="b">eng</marc:subfield><marc:subfield code="e">rda</marc:subfield><marc:subfield code="c">MEAUC</marc:subfield><marc:subfield code="d">OCLCQ</marc:subfield><marc:subfield code="d">OCLCO</marc:subfield><marc:subfield code="d">OCLCQ</marc:subfield><marc:subfield code="d">MEAUC</marc:subfield></marc:datafield><marc:datafield tag="049" ind1=" " ind2=" "><marc:subfield code="a">MAIN</marc:subfield></marc:datafield><marc:datafield tag="066" ind1=" " ind2=" "><marc:subfield code="c">(3</marc:subfield></marc:datafield><marc:datafield tag="090" ind1=" " ind2=" "><marc:subfield code="a">BP195.M6</marc:subfield><marc:subfield code="b">I24 1932</marc:subfield></marc:datafield><marc:datafield tag="100" ind1="1" ind2=" "><marc:subfield code="6">880-01</marc:subfield><marc:subfield code="a">Ibn Qayyim al-Jawzīyah, Muḥammad ibn Abī Bakr,</marc:subfield><marc:subfield code="d">1292-1350,</marc:subfield><marc:subfield code="e">author.</marc:subfield></marc:datafield><marc:datafield tag="245" ind1="1" ind2="0"><marc:subfield code="6">880-02</marc:subfield><marc:subfield code="a">Ijtimāʻ al-juyūsh al-Islāmīyah ʻalá ghazw al-Muʻaṭṭilah wa-al-Jahmīyah /</marc:subfield><marc:subfield code="c">lil-shaykh al-imām al-ḥujjah al-ḥāfiẓ al-mutqin al-muḥaddith al-mufassir al-mujtahid sayf Allāh ʻalá aʻnāq al-mubtadiʻīn wa-al-dhāb ʻan sharʻ sayyid al-mursalīn Shams al-Dīn Abī ʻAbd Allāh Muḥammad ibn Abī Bakr ibn Ayyūb al-Zarʻī al-maʻrūf bi-Ibn Qayyim al-Jawzīyah al-Dimashqī al-mutawaffá sanat iḥdá wa-khamsīn wa-sabʻmiah H rawḥ Allāh rawḥihi wa-nawwar marqidihi wa-ḍarīḥihi ; ʻunya bi-taṣḥīḥihi wa-murājaʻat uṣūlihi wa-nashrihi sanat 1351 H ʻAbd Allāh ibn Ḥasan al-Shaykh, raʼīs quḍāt al-Ḥijāz wa-Ibrāhīm al-Shūrá, mudīr al-Maʻhad al-ʻIlmī al-Islāmī bi-Makkah.</marc:subfield></marc:datafield><marc:datafield tag="264" ind1=" " ind2="1"><marc:subfield code="6">880-03</marc:subfield><marc:subfield code="a">Miṣr :</marc:subfield><marc:subfield code="b">Idārat al-Ṭibāʻah al-Munīrīyahbi-Miṣr,</marc:subfield><marc:subfield code="c">1351 H [1932]</marc:subfield></marc:datafield><marc:datafield tag="300" ind1=" " ind2=" "><marc:subfield code="a">142 pages ;</marc:subfield><marc:subfield code="c">23 cm.</marc:subfield></marc:datafield><marc:datafield tag="336" ind1=" " ind2=" "><marc:subfield code="a">text</marc:subfield><marc:subfield code="b">txt</marc:subfield><marc:subfield code="2">rdacontent.</marc:subfield></marc:datafield><marc:datafield tag="337" ind1=" " ind2=" "><marc:subfield code="a">unmediated</marc:subfield><marc:subfield code="b">n</marc:subfield><marc:subfield code="2">rdamedia.</marc:subfield></marc:datafield><marc:datafield tag="338" ind1=" " ind2=" "><marc:subfield code="a">volume</marc:subfield><marc:subfield code="b">nc</marc:subfield><marc:subfield code="2">rdacarrier.</marc:subfield></marc:datafield><marc:datafield tag="500" ind1=" " ind2=" "><marc:subfield code="6">880-04</marc:subfield><marc:subfield code="a">Ḥuqūq al-ṭabʻ maḥfūẓah li-ʻAbd Allāh ibn Ḥasan al-Shaykh, raʼīs quḍāt al-Ḥijāz wa-Ibrāhīm al-Shūrá, mudīr al-Maʻhad al-ʻIlmī al-Islāmī bi-Makkah.</marc:subfield></marc:datafield><marc:datafield tag="500" ind1=" " ind2=" "><marc:subfield code="a">Includes Errata pages.</marc:subfield></marc:datafield><marc:datafield tag="504" ind1=" " ind2=" "><marc:subfield code="a">Includes bibliographical references.</marc:subfield></marc:datafield><marc:datafield tag="650" ind1=" " ind2="0"><marc:subfield code="a">Muʻaṭṭilah.</marc:subfield></marc:datafield><marc:datafield tag="650" ind1=" " ind2="0"><marc:subfield code="a">Jahmīyah.</marc:subfield></marc:datafield><marc:datafield tag="650" ind1=" " ind2="0"><marc:subfield code="a">Islamic sects.</marc:subfield></marc:datafield><marc:datafield tag="700" ind1="1" ind2=" "><marc:subfield code="6">880-05</marc:subfield><marc:subfield code="a">Shaykh, ʻAbd Allāh ibn Ḥasan,</marc:subfield><marc:subfield code="e">editor.</marc:subfield></marc:datafield><marc:datafield tag="700" ind1="1" ind2=" "><marc:subfield code="6">880-06</marc:subfield><marc:subfield code="a">Shūrá, Ibrāhīm,</marc:subfield><marc:subfield code="e">editor.</marc:subfield></marc:datafield><marc:datafield tag="880" ind1="1" ind2="0"><marc:subfield code="6">245-02/(3/r</marc:subfield><marc:subfield code="a">اجتماع الجيوش الإسلامية على غزو المعطلة والجهمية /</marc:subfield><marc:subfield code="c">للشيخ الإمام الحجة الحافظ المتقن المحدث المفسر المجتهد سيف الله على أعناق المبتدعين والذاب عن شرع سيد المرسلين شمس الدين أبي عبد الله محمد بن أبي بكر بن أيوب الزرعي المعروف بابن قيم الجوزية الدمشقي المتوفى سنة احدى وخمسين وسبعمائة هـ روح الله روحه ونور مرقده وضريحه ؛ عني بتصحيحه ومراجعة أصوله ونشره سنة 1351 هـ عبد الله بن حسن الشيخ، رئيس قضاة الحجاز وإبراهيم الشورى، مدير المعهد العلمي الإسلامي بمكة..</marc:subfield></marc:datafield><marc:datafield tag="880" ind1="1" ind2=" "><marc:subfield code="6">100-01/(3/r</marc:subfield><marc:subfield code="a">ابن قيم الجوزية، محمد بن أبي بكر،</marc:subfield><marc:subfield code="d">1292-1350.</marc:subfield></marc:datafield><marc:datafield tag="880" ind1=" " ind2="1"><marc:subfield code="6">264-03/(3/r</marc:subfield><marc:subfield code="a">مصر :</marc:subfield><marc:subfield code="b">إدارة الطباعة المنيريةبمصر،</marc:subfield><marc:subfield code="c">1351 هـ [1932]</marc:subfield></marc:datafield><marc:datafield tag="880" ind1=" " ind2=" "><marc:subfield code="6">500-04/(3/r</marc:subfield><marc:subfield code="a">حقوق الطبع محفوظة لعبد الله بن حسن الشيخ، رئيس قضاة الحجاز وإبراهيم الشورى، مدير المعهد العلمي الإسلامي بمكة..</marc:subfield></marc:datafield><marc:datafield tag="880" ind1="1" ind2=" "><marc:subfield code="6">700-05/(3/r</marc:subfield><marc:subfield code="a">شيخ، عبد الله بن حسن..</marc:subfield></marc:datafield><marc:datafield tag="880" ind1="1" ind2=" "><marc:subfield code="6">700-06/(3/r</marc:subfield><marc:subfield code="a">شورى، إبراهيم..</marc:subfield></marc:datafield><marc:datafield tag="907" ind1=" " ind2=" "><marc:subfield code="a">.b12328492</marc:subfield><marc:subfield code="b">main </marc:subfield></marc:datafield><marc:datafield tag="902" ind1=" " ind2=" "><marc:subfield code="a">170717</marc:subfield></marc:datafield><marc:datafield tag="998" ind1=" " ind2=" "><marc:subfield code="b">1</marc:subfield><marc:subfield code="c">990929</marc:subfield><marc:subfield code="d">m</marc:subfield><marc:subfield code="e">a</marc:subfield><marc:subfield code="f">-</marc:subfield><marc:subfield code="g">0</marc:subfield><marc:subfield code="k">MAH</marc:subfield></marc:datafield><marc:datafield tag="945" ind1=" " ind2=" "><marc:subfield code="l">main </marc:subfield></marc:datafield></marc:record>
</marc:collection>
